<?xml version="1.0" encoding="UTF-8"?>
<collection xmlns="http://www.loc.gov/MARC21/slim">
   <record>
      <leader>00000nz  a2200000nc 4500</leader>
      <controlfield tag="001">institutions/51003838</controlfield>
      <controlfield tag="003">DE-633</controlfield>
      <controlfield tag="005">20250620052252.0</controlfield>
      <controlfield tag="008">200330||||z|||a|||||||||||||||||n||||||d</controlfield>
      <datafield tag="024" ind1="7" ind2=" ">
         <subfield code="a">TR-Absc</subfield>
         <subfield code="q">siglum</subfield>
         <subfield code="2">rism</subfield>
      </datafield>
      <datafield tag="040" ind1=" " ind2=" ">
         <subfield code="a">DE-633</subfield>
         <subfield code="c">DE-633</subfield>
         <subfield code="e">rismg</subfield>
      </datafield>
      <datafield tag="043" ind1=" " ind2=" ">
         <subfield code="c">XB-TR</subfield>
      </datafield>
      <datafield tag="110" ind1="1" ind2=" ">
         <subfield code="a">Bilkent Saygun Center</subfield>
         <subfield code="c">Ankara</subfield>
         <subfield code="g">TR-Absc</subfield>
      </datafield>
      <datafield tag="368" ind1=" " ind2=" ">
         <subfield code="a">Institution</subfield>
         <subfield code="a">Library</subfield>
         <subfield code="a">Other</subfield>
      </datafield>
      <datafield tag="371" ind1=" " ind2=" ">
         <subfield code="a">Bilkent University Middle Campus</subfield>
         <subfield code="a">P Building Room 318</subfield>
         <subfield code="b">Bilkent - Ankara</subfield>
         <subfield code="d">Türkiye</subfield>
         <subfield code="e">06800</subfield>
         <subfield code="m">bsc@bilkent.edu.tr</subfield>
         <subfield code="u">http://bsc.bilkent.edu.tr</subfield>
         <subfield code="z">tel: +90 / (312) / 290 1324</subfield>
         <subfield code="z">fax: +90 / (312) / 266 4532</subfield>
      </datafield>
      <datafield tag="551" ind1="1" ind2=" ">
         <subfield code="a">Ankara</subfield>
         <subfield code="0">places/3030824</subfield>
      </datafield>
   </record>