
   <record>
      <leader>00000nz  a2200000nc 4500</leader>
      <controlfield tag="001">institutions/51003179</controlfield>
      <controlfield tag="003">DE-633</controlfield>
      <controlfield tag="005">20250620052249.0</controlfield>
      <controlfield tag="008">190816||||z|||a|||||||||||||||||n||||||d</controlfield>
      <datafield tag="024" ind1="7" ind2=" ">
         <subfield code="a">TR-Itmk</subfield>
         <subfield code="q">siglum</subfield>
         <subfield code="2">rism</subfield>
      </datafield>
      <datafield tag="040" ind1=" " ind2=" ">
         <subfield code="a">DE-633</subfield>
         <subfield code="c">DE-633</subfield>
         <subfield code="e">rismg</subfield>
      </datafield>
      <datafield tag="043" ind1=" " ind2=" ">
         <subfield code="c">XB-TR</subfield>
      </datafield>
      <datafield tag="110" ind1="1" ind2=" ">
         <subfield code="a">Tabar Müzik Kütüphanesi</subfield>
         <subfield code="c">İstanbul</subfield>
         <subfield code="g">TR-Itmk</subfield>
      </datafield>
      <datafield tag="368" ind1=" " ind2=" ">
         <subfield code="a">Institution</subfield>
         <subfield code="a">Library</subfield>
      </datafield>
      <datafield tag="371" ind1=" " ind2=" ">
         <subfield code="a">c/o Pan Yayıncılık</subfield>
         <subfield code="a">Barbaros Bulvarı No: 18/4</subfield>
         <subfield code="a">Beşiktaş</subfield>
         <subfield code="b">İstanbul</subfield>
         <subfield code="d">Türkiye</subfield>
         <subfield code="m">pankitap@pankitap.com</subfield>
         <subfield code="u">https://tabarmuzikkutuphanesi.com/</subfield>
         <subfield code="z">tel: +90 / (0)212 / 2275675</subfield>
      </datafield>
      <datafield tag="410" ind1=" " ind2=" ">
         <subfield code="a">Tabar Music Library</subfield>
      </datafield>
      <datafield tag="551" ind1="1" ind2=" ">
         <subfield code="a">İstanbul</subfield>
         <subfield code="0">places/3902131</subfield>
      </datafield>
      <datafield tag="680" ind1="1" ind2=" ">
         <subfield code="a">Please contact the publishing house Pan Yayıncılık with your enquiries.</subfield>
      </datafield>
   </record>